<?xml version="1.0" encoding="UTF-8"?><collection xmlns="http://www.loc.gov/MARC21/slim"><record><leader>00367nam--2200121-i-4500</leader><controlfield tag="001">000048910</controlfield><controlfield tag="002">20161230</controlfield><controlfield tag="005">20161230201047</controlfield><controlfield tag="008">060222s1000------------r-----000-0-eng-d</controlfield><datafield ind1=" " ind2=" " tag="080"><subfield code="a">664:539.12.04</subfield></datafield><datafield ind1=" " ind2=" " tag="245"><subfield code="a">Radioactive materials in food and agriculture. report of an fao export committee rome, 30 nov.-11 dec.1959</subfield></datafield><datafield ind1=" " ind2=" " tag="260"><subfield code="a">/F.Ed., F.Loc/, 1960. 116p</subfield></datafield><datafield ind1=" " ind2=" " tag="852"><subfield code="a">18504</subfield></datafield></record></collection>